@misc{AI,
    author = {ChatGPT},
    title = {Chat Log with GPT-3.5},
    year = {2025}
}